@article{nb3,
  title     = {NB 3: a multilateral negotiation algorithm for large, non-linear agreement spaces with limited time},
  author    = {De Jonge, Dave and Sierra, Carles},
  journal   = {Autonomous Agents and Multi-Agent Systems},
  volume    = {29},
  number    = {5},
  pages     = {896--942},
  year      = {2015},
  publisher = {Springer}
}


@techreport{manual,
	title       = {Implementing an NB3 Agent},
	author      = {De Jonge, Dave},
	month       = {December},
	year        = {2015}
}